<?xml version="1.0" encoding="UTF-8"?><collection xmlns="http://www.loc.gov/MARC21/slim"><record><leader>00387nam--2200133-i-4500</leader><controlfield tag="001">000043530</controlfield><controlfield tag="002">20161230</controlfield><controlfield tag="005">20161230201044</controlfield><controlfield tag="008">060222s1000------------r-----000-0-eng-d</controlfield><datafield ind1=" " ind2=" " tag="080"><subfield code="a">621.9.002</subfield></datafield><datafield ind1=" " ind2=" " tag="100"><subfield code="a">Tache,Voicu., Ungureanu,Ion Si Stroe,C-tin N</subfield></datafield><datafield ind1=" " ind2=" " tag="245"><subfield code="a">Elemente de proiectare a dispozitivelor pentru masini-unelete</subfield></datafield><datafield ind1=" " ind2=" " tag="260"><subfield code="a">Bucuresti, Ed.Tehnica, 1985. 303 P</subfield></datafield><datafield ind1=" " ind2=" " tag="852"><subfield code="a">72571</subfield></datafield></record></collection>